<?xml version="1.0" encoding="UTF-8"?><record xmlns="http://www.loc.gov/MARC21/slim" xmlns:cinclude="http://apache.org/cocoon/include/1.0" xmlns:zs="http://www.loc.gov/zing/srw/">
  <leader>01019nz  a2200193n  4500</leader>
  <controlfield tag="001">no2014014865</controlfield>
  <controlfield tag="003">DLC</controlfield>
  <controlfield tag="005">20140205073503.0</controlfield>
  <controlfield tag="008">140203n| azannaabn          |n aaa     c</controlfield>
  <datafield tag="010" ind1=" " ind2=" ">
    <subfield code="a">no2014014865</subfield>
  </datafield>
  <datafield tag="035" ind1=" " ind2=" ">
    <subfield code="a">(OCoLC)oca09673781</subfield>
  </datafield>
  <datafield tag="040" ind1=" " ind2=" ">
    <subfield code="a">IEN</subfield>
    <subfield code="b">eng</subfield>
    <subfield code="e">rda</subfield>
    <subfield code="c">IEN</subfield>
  </datafield>
  <datafield tag="100" ind1="1" ind2=" ">
    <subfield code="a">Songore, Tharcisse</subfield>
  </datafield>
  <datafield tag="370" ind1=" " ind2=" ">
    <subfield code="c">Burundi</subfield>
  </datafield>
  <datafield tag="375" ind1=" " ind2=" ">
    <subfield code="a">male</subfield>
  </datafield>
  <datafield tag="377" ind1=" " ind2=" ">
    <subfield code="a">fre</subfield>
  </datafield>
  <datafield tag="670" ind1=" " ind2=" ">
    <subfield code="a">Histoire du Burundi en images, c2003:</subfield>
    <subfield code="b">t.p. (Tharcisse Songore)</subfield>
  </datafield>
  <datafield tag="670" ind1=" " ind2=" ">
    <subfield code="a">Arts review: Africa's premier arts and culture online magazine, website, Gig of the week: Rugama drummers at SA Tattoo..., Sep. 10, 2009, viewed Feb. 3, 2014</subfield>
    <subfield code="b">(Rugamba group manager, Tharcisse Songore)</subfield>
  </datafield>
  <datafield tag="670" ind1=" " ind2=" ">
    <subfield code="a">RAF/92/G32--Pollution control and other measures to protect biodiversity in Lake Tanganyika, (Quarterly report June 99-August 99), 1999, PDF viewed online Feb. 3, 2014:</subfield>
    <subfield code="b">p. 17 (M. [Monsieur] Tharcisse Songore, DGGM (Geomines, Burundi)) p. 19 (Tharcisse Songoro (DGGM), to finalize findings on impacts of excess of sediments on the biodiversity of the Lake)</subfield>
  </datafield>
</record>